@BOOK{bruesch1982phonons,
  author = {Peter Brüesch},
  year = 1982,
  title = {Phonons: Theory and Experiments I: Lattice Dynamics and Models of Interatomic Forces},
  edition = 1,
  publisher = {Springer-Verlag Berlin Heidelberg},
}

@article{Wirtz_2004,
   title={The phonon dispersion of graphite revisited},
   volume={131},
   ISSN={0038-1098},
   url={http://dx.doi.org/10.1016/j.ssc.2004.04.042},
   DOI={10.1016/j.ssc.2004.04.042},
   number={3-4},
   journal={Solid State Communications},
   publisher={Elsevier BV},
   author={Wirtz, Ludger and Rubio, Angel},
   year={2004},
   month={Jul},
   pages={141–152}
}
