/home/casimir/Documents/Bibliografia/Fisica/Referencies.bib