@book{brueesch82_phonon,
  author =	 {Peter Brüesch},
  title =	 {Phonons: Theory and Experiments I},
  year =	 1982,
  publisher =	 {Springer Berlin Heidelberg},
  url =		 {https://doi.org/10.1007/978-3-642-81781-6},
  DATE_ADDED =	 {Fri Mar 19 13:41:46 2021},
  doi =		 {10.1007/978-3-642-81781-6},
  pages =	 {nil},
  series =	 {Springer Series in Solid-State Sciences},
}  
@Article{Balkanski_2000,
  author       = {Balkanski, Minko},
  title	       = {Physical Properties of Carbon Nanotubes, Edited by
                  R. Saito, G. Dresselhaus and M.S. Dresselhaus,
                  Imperial College Press, London, 1998.},
  year	       = 2000,
  volume       = 76,
  number       = 3,
  month	       = {Jul},
  pages	       = {241–242},
  issn	       = {0921-5107},
  doi	       = {10.1016/s0921-5107(00)00444-x},
  url	       = {http://dx.doi.org/10.1016/s0921-5107(00)00444-x},
  journal      = {Materials Science and Engineering: B},
  publisher    = {Elsevier BV},
}

@article{wirtz04_phonon_disper_graph_revis,
  author =	 {Ludger Wirtz and Angel Rubio},
  title =	 {The Phonon Dispersion of Graphite Revisited},
  journal =	 {Solid State Communications},
  volume =	 131,
  number =	 {3-4},
  pages =	 {141-152},
  year =	 2004,
  doi =		 {10.1016/j.ssc.2004.04.042},
  url =		 {https://doi.org/10.1016/j.ssc.2004.04.042},
  DATE_ADDED =	 {Fri Mar 19 20:48:05 2021},
}

@article{falkovsky08_symmet_const_phonon_disper_graph,
  author =	 {L.A. Falkovsky},
  title =	 {Symmetry Constraints on Phonon Dispersion in Graphene},
  journal =	 {Physics Letters A},
  volume =	 372,
  number =	 31,
  pages =	 {5189-5192},
  year =	 2008,
  doi =		 {10.1016/j.physleta.2008.05.085},
  url =		 {https://doi.org/10.1016/j.physleta.2008.05.085},
  DATE_ADDED =	 {Fri Mar 19 20:51:29 2021},
}


@article{karamitaheri11_study_therm_proper_graph_based,
  author =	 {Hossein Karamitaheri and Neophytos Neophytou and  Mahdi Pourfath and Hans Kosina},
  title =	 {Study of Thermal Properties of Graphene-Basedp Structures Using the Force Constant Method},
  journal =	 {Journal of Computational Electronics},
  volume =	 11,
  number =	 1,
  pages =	 {14-21},
  year =	 2011,
  doi =		 {10.1007/s10825-011-0380-9},
  url =		 {https://doi.org/10.1007/s10825-011-0380-9},
  DATE_ADDED =	 {Mon Mar 22 15:25:28 2021},
}


@article{aizawa90_bond_soften_monol_graph_formed,
  author =	 {T. Aizawa and R. Souda and S. Otani and Y. Ishizawa
                  and C. Oshima},
  title =	 {Bond Softening in Monolayer Graphite Formed on                   Transition-Metal Carbide Surfaces},
  journal =	 {Physical Review B},
  volume =	 42,
  number =	 18,
  pages =	 {11469-11478},
  year =	 1990,
  doi =		 {10.1103/physrevb.42.11469},
  url =		 {https://doi.org/10.1103/physrevb.42.11469},
  DATE_ADDED =	 {Tue Mar 23 12:24:26 2021},
}

